@article{Galbany2015,
abstract = {We present the intensive spectroscopic follow up of the type Ia supernova (SN
Ia) 2014J in the starburst galaxy M82. Twenty-seven optical spectra have been
acquired from January 22nd to September 1st 2014 with the Isaac Newton (INT)
and William Herschel (WHT) Telescopes. After correcting the observations for
the recession velocity of M82 and for Milky Way and host galaxy extinction, we
measured expansion velocities from spectral line blueshifts and
pseudo-equivalent width of the strongest features in the spectra, which gives
an idea on how elements are distributed within the ejecta. We position SN 2014J
in the Benetti (2005), Branch et al. (2006) and Wang et al. (2009) diagrams.
These diagrams are based on properties of the Si II features and provide
dynamical and chemical information about the SN ejecta. The nearby SN 2011fe,
which showed little evidence for reddening in its host galaxy, is shown as a
reference for comparisons. SN 2014J is a border-line object between the
Core-normal (CN) and Broad-line (BL) groups, which corresponds to an
intermediate position between Low Velocity Gradient (LVG) and High Velocity
Gradient (HVG) objects. SN 2014J follows the R(Si II)-\Delta m15 correlation,
which confirms its classification as a relatively normal SN Ia. Our description
of the SN Ia in terms of the evolution of the pseudo-equivalent width of
various ions as well as the position in the various diagrams put this specific
SN Ia into the overall sample of SN Ia.},
archivePrefix = {arXiv},
arxivId = {1510.06596},
author = {Galbany, L. and Moreno-Raya, M. E. and Ruiz-Lapuente, P. and Hern{\'{a}}ndez, J. I. Gonz{\'{a}}lez and M{\'{e}}ndez, J. and Vallely, P. and Baron, E. and Dom{\'{i}}nguez, I. and Hamuy, M. and L{\'{o}}pez-S{\'{a}}nchez, A. R. and Moll{\'{a}}, M. and Catal{\'{a}}n, S. and Cooke, E. A. and Fari{\~{n}}a, C. and G{\'{e}}nova-Santos, R. and Karjalainen, R. and Lietzen, H. and McCormac, J. and Riddick, F. C. and Rubi{\~{n}}o-Mart{\'{i}}n, J. A. and Skillen, I. and Tudor, V. and Vaduvescu, O.},
doi = {10.1093/mnras/stw026},
eprint = {1510.06596},
file = {:home/astrolab/.local/share/data/Mendeley Ltd./Mendeley Desktop/Downloaded/Galbany et al. - 2015 - SN 2014J at M82 I. A middle-class type Ia supernova by all spectroscopic metrics.pdf:pdf},
journal = {Monthly Notices of the Royal Astronomical Society},
keywords = {Methods: data analysis,Supernovae: general,Supernovae: individual: 2014J,Techniques: spectroscopic},
mendeley-groups = {READ},
month = {oct},
number = {1},
pages = {525--537},
publisher = {Oxford University Press},
title = {{SN 2014J at M82: I. A middle-class type Ia supernova by all spectroscopic metrics}},
url = {https://arxiv.org/abs/1510.06596v2},
volume = {457},
year = {2015}
}

@ARTICLE{Phillips1993,
       author = {{Phillips}, M.~M.},
        title = "{The Absolute Magnitudes of Type IA Supernovae}",
      journal = {\apjl},
     keywords = {Light Curve, Stellar Magnitude, Supernovae, White Dwarf Stars, Astronomical Photometry, Brightness Distribution, Stellar Luminosity, Astrophysics, COSMOLOGY: DISTANCE SCALE, STARS: SUPERNOVAE: GENERAL},
         year = 1993,
        month = aug,
       volume = {413},
        pages = {L105},
          doi = {10.1086/186970},
       adsurl = {https://ui.adsabs.harvard.edu/abs/1993ApJ...413L.105P},
      adsnote = {Provided by the SAO/NASA Astrophysics Data System}
}

@ARTICLE{Phillips1999,
       author = {{Phillips}, M.~M. and {Lira}, Paulina and {Suntzeff}, Nicholas B. and {Schommer}, R.~A. and {Hamuy}, Mario and {Maza}, Jos{\'e}},
        title = "{The Reddening-Free Decline Rate Versus Luminosity Relationship for Type IA Supernovae}",
      journal = {\aj},
     keywords = {COSMOLOGY: DISTANCE SCALE, STARS: SUPERNOVAE: GENERAL, Astrophysics},
         year = 1999,
        month = oct,
       volume = {118},
       number = {4},
        pages = {1766-1776},
          doi = {10.1086/301032},
archivePrefix = {arXiv},
       eprint = {astro-ph/9907052},
 primaryClass = {astro-ph},
       adsurl = {https://ui.adsabs.harvard.edu/abs/1999AJ....118.1766P},
      adsnote = {Provided by the SAO/NASA Astrophysics Data System}
}

@PHDTHESIS{Rust1974,
       author = {{Rust}, B.~W.},
        title = "{The Use of Supernovae Light Curves for Testing the Expansion Hypothesis and Other Cosmological Relations.}",
     keywords = {Astronomy, Cosmology, Luminous Intensity, Supernovae, Stellar Luminosity, Stellar Mass Ejection, Astrophysics},
       school = {Oak Ridge National Laboratory, Tennessee},
         year = 1974,
        month = jan,
       adsurl = {https://ui.adsabs.harvard.edu/abs/1974PhDT.........7R},
      adsnote = {Provided by the SAO/NASA Astrophysics Data System}
}

@ARTICLE{Pskovskii1977,
       author = {{Pskovskii}, Iu. P.},
        title = "{Light curves, color curves, and expansion velocity of type I supernovae as functions of the rate of brightness decline}",
      journal = {\sovast},
     keywords = {Light Curve, Stellar Luminosity, Stellar Spectrophotometry, Supernovae, Color, Stellar Envelopes, Tables (Data), Astronomy},
         year = 1977,
        month = dec,
       volume = {21},
        pages = {675},
       adsurl = {https://ui.adsabs.harvard.edu/abs/1977SvA....21..675P},
      adsnote = {Provided by the SAO/NASA Astrophysics Data System}
}

@article{Riess1998,
	doi = {10.1086/300499},
	url = {https://doi.org/10.1086/300499},
	year = 1998,
	month = {sep},
	publisher = {American Astronomical Society},
	volume = {116},
	number = {3},
	pages = {1009--1038},
	author = {Adam G. Riess and Alexei V. Filippenko and Peter Challis and Alejandro Clocchiatti and Alan Diercks and Peter M. Garnavich and Ron L. Gilliland and Craig J. Hogan and Saurabh Jha and Robert P. Kirshner and B. Leibundgut and M. M. Phillips and David Reiss and Brian P. Schmidt and Robert A. Schommer and R. Chris Smith and J. Spyromilio and Christopher Stubbs and Nicholas B. Suntzeff and John Tonry},
	title = {Observational Evidence from Supernovae for an Accelerating Universe and a Cosmological Constant},
	journal = {The Astronomical Journal},
}

@article{Foley2017,
author = {Foley, Ryan and Scolnic, Daniel and Rest, Armin and Jha, Sourav and Pan, yen-chen and Riess, A. and Challis, P. and Chambers, Kenneth and Coulter, D. and Dettman, K. and Foley, M. and Fox, O. and Huber, M. and Jones, David and Kilpatrick, C. and Kirshner, Robert and Schultz, A. and Siebert, M. and Flewelling, H. and Willman, Mervi},
year = {2017},
month = {11},
pages = {},
title = {The Foundation Supernova Survey: Motivation, Design, Implementation, and First Data Release},
volume = {475},
journal = {Monthly Notices of the Royal Astronomical Society},
doi = {10.1093/mnras/stx3136}
}

@ARTICLE{snoopy1,
       author = {{Burns}, Christopher R. and {Stritzinger}, Maximilian and {Phillips}, M.~M. and {Kattner}, ShiAnne and {Persson}, S.~E. and {Madore}, Barry F. and {Freedman}, Wendy L. and {Boldt}, Luis and {Campillay}, Abdo and {Contreras}, Carlos and {Folatelli}, Gaston and {Gonzalez}, Sergio and {Krzeminski}, Wojtek and {Morrell}, Nidia and {Salgado}, Francisco and {Suntzeff}, Nicholas B.},
        title = "{The Carnegie Supernova Project: Light-curve Fitting with SNooPy}",
      journal = {\aj},
     keywords = {cosmology: observations, distance scale, supernovae: general, techniques: miscellaneous, Astrophysics - Cosmology and Nongalactic Astrophysics},
         year = 2011,
        month = jan,
       volume = {141},
       number = {1},
          eid = {19},
        pages = {19},
          doi = {10.1088/0004-6256/141/1/19},
archivePrefix = {arXiv},
       eprint = {1010.4040},
 primaryClass = {astro-ph.CO},
       adsurl = {https://ui.adsabs.harvard.edu/abs/2011AJ....141...19B},
      adsnote = {Provided by the SAO/NASA Astrophysics Data System}
}

@ARTICLE{snoopy2,
       author = {{Burns}, Christopher R. and {Stritzinger}, Maximilian and {Phillips}, M.~M. and {Hsiao}, E.~Y. and {Contreras}, Carlos and {Persson}, S.~E. and {Folatelli}, Gaston and {Boldt}, Luis and {Campillay}, Abdo and {Castell{\'o}n}, Sergio and {Freedman}, Wendy L. and {Madore}, Barry F. and {Morrell}, Nidia and {Salgado}, Francisco and {Suntzeff}, Nicholas B.},
        title = "{The Carnegie Supernova Project: Intrinsic Colors of Type Ia Supernovae}",
      journal = {\apj},
     keywords = {distance scale, dust, extinction, galaxies: ISM, methods: statistical, supernovae: general, Astrophysics - Cosmology and Nongalactic Astrophysics, Astrophysics - High Energy Astrophysical Phenomena},
         year = 2014,
        month = jul,
       volume = {789},
       number = {1},
          eid = {32},
        pages = {32},
          doi = {10.1088/0004-637X/789/1/32},
archivePrefix = {arXiv},
       eprint = {1405.3934},
 primaryClass = {astro-ph.CO},
       adsurl = {https://ui.adsabs.harvard.edu/abs/2014ApJ...789...32B},
      adsnote = {Provided by the SAO/NASA Astrophysics Data System}
}

@ARTICLE{sf11dust,
       author = {{Schlafly}, Edward F. and {Finkbeiner}, Douglas P.},
        title = "{Measuring Reddening with Sloan Digital Sky Survey Stellar Spectra and Recalibrating SFD}",
      journal = {\apj},
     keywords = {dust, extinction, Galaxy: stellar content, ISM: clouds, Astrophysics - Galaxy Astrophysics},
         year = 2011,
        month = aug,
       volume = {737},
       number = {2},
          eid = {103},
        pages = {103},
          doi = {10.1088/0004-637X/737/2/103},
archivePrefix = {arXiv},
       eprint = {1012.4804},
 primaryClass = {astro-ph.GA},
       adsurl = {https://ui.adsabs.harvard.edu/abs/2011ApJ...737..103S},
      adsnote = {Provided by the SAO/NASA Astrophysics Data System}
}

@ARTICLE{salt,
       author = {{Guy}, J. and {Astier}, P. and {Nobili}, S. and {Regnault}, N. and {Pain}, R.},
        title = "{SALT: a spectral adaptive light curve template for type Ia supernovae}",
      journal = {\aap},
     keywords = {supernovae: general, cosmology: observations, Astrophysics},
         year = 2005,
        month = dec,
       volume = {443},
       number = {3},
        pages = {781-791},
          doi = {10.1051/0004-6361:20053025},
archivePrefix = {arXiv},
       eprint = {astro-ph/0506583},
 primaryClass = {astro-ph},
       adsurl = {https://ui.adsabs.harvard.edu/abs/2005A&A...443..781G},
      adsnote = {Provided by the SAO/NASA Astrophysics Data System}
}

@ARTICLE{salt3nir,
       author = {{Pierel}, J.~D.~R. and {Jones}, D.~O. and {Kenworthy}, W.~D. and {Dai}, M. and {Kessler}, R. and {Ashall}, C. and {Do}, A. and {Peterson}, E.~R. and {Shappee}, B.~J. and {Siebert}, M.~R. and {Barna}, T. and {Brink}, T.~G. and {Burke}, J. and {Calamida}, A. and {Camacho-Neves}, Y. and {Jaeger}, T. de and {Filippenko}, A.~V. and {Foley}, R.~J. and {Galbany}, L. and {Fox}, O.~D. and {Gomez}, S. and {Hiramatsu}, D. and {Hounsell}, R. and {Howell}, D.~A. and {Jha}, S.~W. and {Kwok}, L.~A. and {P{\'e}rez-Fournon}, I. and {Poidevin}, F. and {Rest}, A. and {Rubin}, D. and {Scolnic}, D.~M. and {Shirley}, R. and {Strolger}, L.~G. and {Tinyanont}, S. and {Wang}, Q.},
        title = "{SALT3-NIR: Taking the Open-source Type Ia Supernova Model to Longer Wavelengths for Next-generation Cosmological Measurements}",
      journal = {\apj},
     keywords = {Type Ia supernovae, Near infrared astronomy, Cosmology, Astronomical models, 1728, 1093, 343, 86, Astrophysics - Cosmology and Nongalactic Astrophysics},
         year = 2022,
        month = nov,
       volume = {939},
       number = {1},
          eid = {11},
        pages = {11},
          doi = {10.3847/1538-4357/ac93f9},
archivePrefix = {arXiv},
       eprint = {2209.05594},
 primaryClass = {astro-ph.CO},
       adsurl = {https://ui.adsabs.harvard.edu/abs/2022ApJ...939...11P},
      adsnote = {Provided by the SAO/NASA Astrophysics Data System}
}

@ARTICLE{salt3,
       author = {{Kenworthy}, W.~D. and {Jones}, D.~O. and {Dai}, M. and {Kessler}, R. and {Scolnic}, D. and {Brout}, D. and {Siebert}, M.~R. and {Pierel}, J.~D.~R. and {Dettman}, K.~G. and {Dimitriadis}, G. and {Foley}, R.~J. and {Jha}, S.~W. and {Pan}, Y. -C. and {Riess}, A. and {Rodney}, S. and {Rojas-Bravo}, C.},
        title = "{SALT3: An Improved Type Ia Supernova Model for Measuring Cosmic Distances}",
      journal = {\apj},
     keywords = {1146, 1728, Astrophysics - Cosmology and Nongalactic Astrophysics, Astrophysics - Instrumentation and Methods for Astrophysics},
         year = 2021,
        month = dec,
       volume = {923},
       number = {2},
          eid = {265},
        pages = {265},
          doi = {10.3847/1538-4357/ac30d8},
archivePrefix = {arXiv},
       eprint = {2104.07795},
 primaryClass = {astro-ph.CO},
       adsurl = {https://ui.adsabs.harvard.edu/abs/2021ApJ...923..265K},
      adsnote = {Provided by the SAO/NASA Astrophysics Data System}
}

@ARTICLE{tripp1998,
       author = {{Tripp}, Robert},
        title = "{A two-parameter luminosity correction for Type IA supernovae}",
      journal = {\aap},
     keywords = {SUPERNOVAE: GENERAL, COSMOLOGY: OBSERVATIONS, DISTANCE SCALE},
         year = 1998,
        month = mar,
       volume = {331},
        pages = {815-820},
       adsurl = {https://ui.adsabs.harvard.edu/abs/1998A&A...331..815T},
      adsnote = {Provided by the SAO/NASA Astrophysics Data System}
}

@ARTICLE{salt2,
       author = {{Guy}, J. and {Astier}, P. and {Baumont}, S. and {Hardin}, D. and {Pain}, R. and {Regnault}, N. and {Basa}, S. and {Carlberg}, R.~G. and {Conley}, A. and {Fabbro}, S. and {Fouchez}, D. and {Hook}, I.~M. and {Howell}, D.~A. and {Perrett}, K. and {Pritchet}, C.~J. and {Rich}, J. and {Sullivan}, M. and {Antilogus}, P. and {Aubourg}, E. and {Bazin}, G. and {Bronder}, J. and {Filiol}, M. and {Palanque-Delabrouille}, N. and {Ripoche}, P. and {Ruhlmann-Kleider}, V.},
        title = "{SALT2: using distant supernovae to improve the use of type Ia supernovae as distance indicators}",
      journal = {\aap},
     keywords = {supernovae: general, cosmology: observations, Astrophysics},
         year = 2007,
        month = apr,
       volume = {466},
       number = {1},
        pages = {11-21},
          doi = {10.1051/0004-6361:20066930},
archivePrefix = {arXiv},
       eprint = {astro-ph/0701828},
 primaryClass = {astro-ph},
       adsurl = {https://ui.adsabs.harvard.edu/abs/2007A&A...466...11G},
      adsnote = {Provided by the SAO/NASA Astrophysics Data System}
}

@ARTICLE{salt2.4,
       author = {{Betoule}, M. and {Kessler}, R. and {Guy}, J. and {Mosher}, J. and {Hardin}, D. and {Biswas}, R. and {Astier}, P. and {El-Hage}, P. and {Konig}, M. and {Kuhlmann}, S. and {Marriner}, J. and {Pain}, R. and {Regnault}, N. and {Balland}, C. and {Bassett}, B.~A. and {Brown}, P.~J. and {Campbell}, H. and {Carlberg}, R.~G. and {Cellier-Holzem}, F. and {Cinabro}, D. and {Conley}, A. and {D'Andrea}, C.~B. and {DePoy}, D.~L. and {Doi}, M. and {Ellis}, R.~S. and {Fabbro}, S. and {Filippenko}, A.~V. and {Foley}, R.~J. and {Frieman}, J.~A. and {Fouchez}, D. and {Galbany}, L. and {Goobar}, A. and {Gupta}, R.~R. and {Hill}, G.~J. and {Hlozek}, R. and {Hogan}, C.~J. and {Hook}, I.~M. and {Howell}, D.~A. and {Jha}, S.~W. and {Le Guillou}, L. and {Leloudas}, G. and {Lidman}, C. and {Marshall}, J.~L. and {M{\"o}ller}, A. and {Mour{\~a}o}, A.~M. and {Neveu}, J. and {Nichol}, R. and {Olmstead}, M.~D. and {Palanque-Delabrouille}, N. and {Perlmutter}, S. and {Prieto}, J.~L. and {Pritchet}, C.~J. and {Richmond}, M. and {Riess}, A.~G. and {Ruhlmann-Kleider}, V. and {Sako}, M. and {Schahmaneche}, K. and {Schneider}, D.~P. and {Smith}, M. and {Sollerman}, J. and {Sullivan}, M. and {Walton}, N.~A. and {Wheeler}, C.~J.},
        title = "{Improved cosmological constraints from a joint analysis of the SDSS-II and SNLS supernova samples}",
      journal = {\aap},
     keywords = {cosmology: observations, distance scale, dark energy, Astrophysics - Cosmology and Nongalactic Astrophysics},
         year = 2014,
        month = aug,
       volume = {568},
          eid = {A22},
        pages = {A22},
          doi = {10.1051/0004-6361/201423413},
archivePrefix = {arXiv},
       eprint = {1401.4064},
 primaryClass = {astro-ph.CO},
       adsurl = {https://ui.adsabs.harvard.edu/abs/2014A&A...568A..22B},
      adsnote = {Provided by the SAO/NASA Astrophysics Data System}
}

 @article{Fitzpatrick1999, title={Correcting for the Effects of Interstellar Extinction}, volume={111}, ISSN={0004-6280}, DOI={10.1086/316293}, abstractNote={}, note={arXiv: astro-ph/9809387}, number={755}, journal={Publications of the Astronomical Society of the Pacific}, publisher={IOP Publishing}, author={Fitzpatrick, Edward L.}, year={1999}, month={Jan}, pages={63–75} }
